@PREAMBLE{
 "\providecommand{\noopsort}[1]{}"
 # "\providecommand{\singleletter}[1]{#1}%"
}

@article{drummond1981,
  title     = {Non-equilibrium transitions in sub/second harmonic generation},
  author    = {Drummond, PD and McNeil, KJ and Walls, DF},
  journal   = {Optica Acta: International Journal of Optics},
  volume    = {28},
  number    = {2},
  pages     = {211-225},
  year      = {1981},
  publisher = {Taylor \& Francis}
}
